@article{silva2018recognizing,
  title={Recognizing and Justifying Text Entailment through Distributional Navigation on Definition Graphs},
  author={Silva, Vivian S and Freitas, Andr{\'e} and Handschuh, Siegfried},
  year={2018}
}

@inproceedings{scaffidi2007red,
  title={Red Opal: product-feature scoring from reviews},
  author={Scaffidi, Christopher and Bierhoff, Kevin and Chang, Eric and Felker, Mikhael and Ng, Herman and Jin, Chun},
  booktitle={Proceedings of the 8th ACM conference on Electronic commerce},
  pages={182--191},
  year={2007},
  organization={ACM}
}

@article{mostefai2005effective,
  title={Effective collaboration in product development via a common sharable ontology},
  author={Mostefai, Sihem and Bouras, Abdelaziz and Batouche, Mohamed},
  journal={International journal of computational intelligence},
  volume={2},
  number={4},
  pages={206--212},
  year={2005}
}

@article{aciar2007informed,
  title={Informed recommender: Basing recommendations on consumer product reviews},
  author={Aciar, Silvana and Zhang, Debbie and Simoff, Simeon and Debenham, John},
  journal={IEEE Intelligent systems},
  volume={22},
  number={3},
  year={2007},
  publisher={IEEE}
}

@inproceedings{patwardhan2006using,
  title={Using WordNet-based context vectors to estimate the semantic relatedness of concepts},
  author={Patwardhan, Siddharth and Pedersen, Ted},
  booktitle={Proceedings of the Workshop on Making Sense of Sense: Bringing Psycholinguistics and Computational Linguistics Together},
  year={2006}
}

@incollection{dagan2006pascal,
  title={The PASCAL recognising textual entailment challenge},
  author={Dagan, Ido and Glickman, Oren and Magnini, Bernardo},
  booktitle={Machine learning challenges. evaluating predictive uncertainty, visual object classification, and recognising tectual entailment},
  pages={177--190},
  year={2006},
  publisher={Springer}
}

@inproceedings{ferrandez2008improving,
  title={Improving Question Answering Tasks by Textual Entailment Recognition},
  author={Ferr{\'a}ndez, {\'O}scar and Munoz, Rafael and Palomar, Manuel},
  booktitle={International Conference on Application of Natural Language to Information Systems},
  pages={339--340},
  year={2008},
  organization={Springer}
}

@inproceedings{pado2009textual,
  title={Textual entailment features for machine translation evaluation},
  author={Pad{\'o}, Sebastian and Galley, Michel and Jurafsky, Dan and Manning, Christopher D},
  booktitle={Proceedings of the Fourth Workshop on Statistical Machine Translation},
  pages={37--41},
  year={2009},
  organization={Association for Computational Linguistics}
}

@inproceedings{gupta2014text,
  title={Text summarization through entailment-based minimum vertex cover},
  author={Gupta, Anand and Kaur, Manpreet and Mirkin, Shachar and Singh, Adarsh and Goyal, Aseem},
  booktitle={Proceedings of the Third Joint Conference on Lexical and Computational Semantics (* SEM 2014)},
  pages={75--80},
  year={2014}
}

@article{miller1995wordnet,
  title={WordNet: a lexical database for English},
  author={Miller, George A},
  journal={Communications of the ACM},
  volume={38},
  number={11},
  pages={39--41},
  year={1995},
  publisher={ACM}
}

@InProceedings{indra2018,
author="Sales, Juliano Efson and Souza, Leonardo and Barzegar, Siamak and Davis, Brian and Freitas, Andr{\'e} and Handschuh, Siegfried",
title="Indra: A Word Embedding and Semantic Relatedness Server",
booktitle = {Proceedings of the Eleventh International Conference on Language Resources and Evaluation (LREC 2018)},
month     = {May},
year      = {2018},
address   = {Miyazaki, Japan},
publisher = {European Language Resources Association (ELRA)},
}

@misc{protege,
  title = {Protégé},
  howpublished = {\url{https://protege.stanford.edu/},
  note = {Accessed: 2018-06-19}
}}

@misc{scrapyban,
    title= {Scrapy},
    howpublished = {\url{https://doc.scrapy.org/en/latest/topics/practices.html#avoiding-getting-banned},
    note = {Accessed: 2018-06-20}
}}

@article{silva2018categorization,
  title={Categorization of semantic roles for dictionary definitions},
  author={Silva, Vivian S and Handschuh, Siegfried and Freitas, Andr{\'e}},
  journal={arXiv preprint arXiv:1806.07711},
  year={2018}
}

@inproceedings{patwardhan2006using,
  title={Using WordNet-based context vectors to estimate the semantic relatedness of concepts},
  author={Patwardhan, Siddharth and Pedersen, Ted},
  booktitle={Proceedings of the Workshop on Making Sense of Sense: Bringing Psycholinguistics and Computational Linguistics Together},
  year={2006}
}