@article{silva2018recognizing,
  title={Recognizing and Justifying Text Entailment through Distributional Navigation on Definition Graphs},
  author={Silva, Vivian S and Freitas, Andr{\'e} and Handschuh, Siegfried},
  year={2018}
}

@inproceedings{scaffidi2007red,
  title={Red Opal: product-feature scoring from reviews},
  author={Scaffidi, Christopher and Bierhoff, Kevin and Chang, Eric and Felker, Mikhael and Ng, Herman and Jin, Chun},
  booktitle={Proceedings of the 8th ACM conference on Electronic commerce},
  pages={182--191},
  year={2007},
  organization={ACM}
}

@article{mostefai2005effective,
  title={Effective collaboration in product development via a common sharable ontology},
  author={Mostefai, Sihem and Bouras, Abdelaziz and Batouche, Mohamed},
  journal={International journal of computational intelligence},
  volume={2},
  number={4},
  pages={206--212},
  year={2005}
}

@article{aciar2007informed,
  title={Informed recommender: Basing recommendations on consumer product reviews},
  author={Aciar, Silvana and Zhang, Debbie and Simoff, Simeon and Debenham, John},
  journal={IEEE Intelligent systems},
  volume={22},
  number={3},
  year={2007},
  publisher={IEEE}
}

@inproceedings{patwardhan2006using,
  title={Using WordNet-based context vectors to estimate the semantic relatedness of concepts},
  author={Patwardhan, Siddharth and Pedersen, Ted},
  booktitle={Proceedings of the Workshop on Making Sense of Sense: Bringing Psycholinguistics and Computational Linguistics Together},
  year={2006}
}

@InProceedings{indra2018,
author="Sales, Juliano Efson and Souza, Leonardo and Barzegar, Siamak and Davis, Brian and Freitas, Andr{\'e} and Handschuh, Siegfried",
title="Indra: A Word Embedding and Semantic Relatedness Server",
booktitle = {Proceedings of the Eleventh International Conference on Language Resources and Evaluation (LREC 2018)},
month     = {May},
year      = {2018},
address   = {Miyazaki, Japan},
publisher = {European Language Resources Association (ELRA)},
}
